@Book{Simmons2016,
 Author = {George F. {Simmons}},
 Title = {{Differential equations with applications and historical notes}},
 FJournal = {{Textbooks in Mathematics}},
 Journal = {{Textb. Math.}},
 ISBN = {978-1-4987-0259-1},
 Pages = {xxi + 740},
 Year = {2016},
 Publisher = {Boca Raton, FL: CRC Press},
 Language = {English},
 MSC2010 = {34-01 34-03},
 Zbl = {1366.34001}
}

@book{Doetsch1974,
  title = {Introduction to the Theory and Application of the {{Laplace}} Transformation},
  author = {Doetsch, Gustav},
  year = {1974},
  publisher = {{Springer-Verlag, New York-Heidelberg}},
  mrnumber = {0344810}
}

@book{Bracewell1999,
  title = {The {{Fourier Transform}} \& {{Its Applications}}},
  author = {Bracewell, Ronald},
  year = {1999},
  month = jun,
  edition = {3rd edition},
  publisher = {{McGraw-Hill Science/Engineering/Math}},
  address = {{Boston}},
  isbn = {978-0-07-303938-1},
  langid = {english},
  file = {C\:\\Users\\Fei\\Zotero\\storage\\FDKYXC8B\\Bracewell - 1999 - The Fourier Transform & Its Applications.djvu}
}



